<record><leader>00000cas a22000007a 4500</leader><controlfield tag="001">1519209</controlfield><controlfield tag="008">750807d19091976mnuwr ne      0    0eng d</controlfield><datafield ind1=" " ind2=" " tag="010"><subfield code="a">sn 90059079 </subfield></datafield><datafield ind1=" " ind2=" " tag="040"><subfield code="a">MUL</subfield><subfield code="b">eng</subfield><subfield code="c">MUL</subfield><subfield code="d">OCL</subfield><subfield code="d">MN#</subfield><subfield code="d">OCLCQ</subfield><subfield code="d">OCLCF</subfield><subfield code="d">OCLCO</subfield></datafield><datafield ind1=" " ind2=" " tag="042"><subfield code="a">msc</subfield></datafield><datafield ind1=" " ind2=" " tag="043"><subfield code="a">n-us-mn</subfield></datafield><datafield ind1=" " ind2=" " tag="052"><subfield code="a">4144</subfield><subfield code="b">B163</subfield></datafield><datafield ind1=" " ind2=" " tag="052"><subfield code="a">4143</subfield><subfield code="b">C2</subfield></datafield><datafield ind1="0" ind2="4" tag="245"><subfield code="a">The Barnum herald.</subfield></datafield><datafield ind1=" " ind2=" " tag="260"><subfield code="a">Barnum, Carlton County, Minn. :</subfield><subfield code="b">Geo. E. Sloan,</subfield><subfield code="c">-1976.</subfield></datafield><datafield ind1=" " ind2=" " tag="300"><subfield code="a">v.</subfield></datafield><datafield ind1=" " ind2=" " tag="310"><subfield code="a">Weekly</subfield></datafield><datafield ind1="1" ind2=" " tag="362"><subfield code="a">Began in 1909.</subfield></datafield><datafield ind1="0" ind2=" " tag="362"><subfield code="a">-v. 67, no. 53 (Dec. 30, 1976).</subfield></datafield><datafield ind1=" " ind2=" " tag="515"><subfield code="a">Publication suspended Aug. 17, 1944-Nov. 9, 1944, Dec. 28, 1950-Mar. 27, 1952.</subfield></datafield><datafield ind1=" " ind2=" " tag="530"><subfield code="a">Available on microfilm from the Minnesota Historical Society.</subfield></datafield><datafield ind1=" " ind2=" " tag="588"><subfield code="a">Description based on: Vol. 14, no. 45 (Jan. 5, 1923).</subfield></datafield><datafield ind1=" " ind2="0" tag="651"><subfield code="a">Barnum (Minn.)</subfield><subfield code="v">Newspapers.</subfield></datafield><datafield ind1=" " ind2="7" tag="655"><subfield code="a">Newspapers.</subfield><subfield code="2">fast</subfield><subfield code="0">(OCoLC)fst01423814</subfield></datafield><datafield ind1=" " ind2="7" tag="651"><subfield code="a">Minnesota</subfield><subfield code="z">Barnum.</subfield><subfield code="2">fast</subfield><subfield code="0">(OCoLC)fst01256906</subfield></datafield><datafield ind1=" " ind2=" " tag="752"><subfield code="a">United States</subfield><subfield code="b">Minnesota</subfield><subfield code="c">Carlton</subfield><subfield code="d">Barnum.</subfield></datafield><datafield ind1="0" ind2="4" tag="785"><subfield code="t">Moose Lake star gazette (Moose Lake, Minn. : 1962)</subfield><subfield code="w">(DLC)sn 90059077</subfield></datafield></record>